@article{pascual199012,
   title={12 An essay on wisdom: toward organismic processes that make it possible},
   author={Pascual-Leone, Juan},
   journal={Wisdom: Its nature, origins, and development},
   pages={244},
   year={1990},
   publisher={Cambridge University Press}
}
@book{mycite2016,
   title={Nombre del documento a citar},
   author={Paterno-Materno, Nombres},
   year={2016}
}
@report{Chavez-Campos2016,
   title={Desarrollo de un protocolo de investigación},
   author={Chávez-Campos, Gerardo Marx},
   year={2016},
   publisher={ITM}
}
