
@ARTICLE{Eva2012,
   author = {E. Eva},
   title = {Mis recetas favoritas},
   journal = {Recetas caseras},
   year = {2012},
   volume = {34},
   pages = {213-220}
}
