@article{pascual199012,
   title={12 An essay on wisdom: toward organismic processes that make it possible},
   author={Pascual-Leone, Juan},
   journal={Wisdom: Its nature, origins, and development},
   pages={244},
   year={1990},
   publisher={Cambridge University Press}
}
@book{mycite2016,
   title={Nombre del documento a citar},
   author={Paterno-Materno, Nombres},
   year={2016}
}
@report{ChavezCampos2016,
   title={Desarrollo de un protocolo de investigación},
   author={Chávez-Campos, Gerardo Marx},
   year={2016},
   publisher={ITM}
}

@misc{webdev2018Online,
   author = {Herbert Arias},
   title = {The 2018 Web Developer Roadmap - An ilustrated map to becoming a
      Fronted or Backend Developer with links to courses.},
   year = {2018},
   url = {URL{https://codeburst.io/the-2018-web-developer-roadmap-826b1b806e8d}},
   note = "[Web; Accedido el 01-11-2018]"
}
